@article{aumond_modelling_2017,
	title = {Modeling Soundscape Pleasantness Using perceptual Assessments and Acoustic Measurements Along Paths in Urban Context},
	volume = {103},
	number = {1–1},
	journal = {Acta Acustica united with Acustica},
	author = {Aumond, P. and Can, A. and De Coensel, B. and Botteldooren, D and Ribeiro, C. and Lavandier, C.},
	year = {2016},
}

@article{rychtarikova_soundscape_2013,
	series = {Applied {Soundscapes}: {Recent} {Advances} in {Soundscape} {Research}},
	title = {Soundscape categorization on the basis of objective acoustical parameters},
	volume = {74},
	issn = {0003-682X},
	url = {http://www.sciencedirect.com/science/article/pii/S0003682X11000053},
	doi = {10.1016/j.apacoust.2011.01.004},
	abstract = {A soundscape assessment method that is suitable for the automatic categorization of binaurally recorded sound in urban public places is presented. Soundscape categories are established as a result of an automatic clustering algorithm based on multi-parameter analysis by 13 acoustical parameters used as similarity measures, on a large set of sound recordings. One of the main advantages of the followed approach allows to take into account an optimized set of parameters that are judged relevant and necessary for an appropriate description of the sampled acoustical scenarios. The Euclidian distance based clustering of the 370 recordings of typical situations based on these parameters, allows to categorize each binaurally recorded sound sample into one of 20 proposed clusters (soundscape categories). The common features among members within each cluster allow to identify “how the acoustical scenario of the members sounds like”. The hybrid use of an optimized set of standard acoustical quantities, such as sound pressure level, together with well known psychoacoustical parameters that directly relate to human perception of sound, makes the propose method very robust.},
	number = {2},
	urldate = {2017-04-07TZ},
	journal = {Applied Acoustics},
	author = {Rychtáriková, M. and Vermeir, G.},
	year = {2013},
	keywords = {Categorization, Psychoacoustic, Soundscape, Urban public place, clustering},
	pages = {240--247}
}

@inproceedings{rossignol_simscene:_2015,
	title = {{SimScene}: a web-based acoustic scenes simulator},
	shorttitle = {{SimScene}},
	url = {https://hal.archives-ouvertes.fr/hal-01078098/},
	urldate = {2016-06-23TZ},
	booktitle = {1st {Web} {Audio} {Conference} ({WAC})},
	author = {Rossignol, M. and Lafay, G. and Lagrange, M. and Misdariis, N.},
	year = {2015}
}

@inproceedings{botteldooren_understanding_2011,
	title = {Understanding urban and natural soundscapes},
	copyright = {I have transferred the copyright for this publication to the publisher},
	isbn = {978-84-694-1520-7},
	url = {http://hdl.handle.net/1854/LU-2041806},
	language = {eng},
	urldate = {2017-03-30TZ},
	booktitle = {Forum {Acusticum}},
	publisher = {European Accoustics Association (EAA)},
	author = {Botteldooren, D. and Lavandier, C. and Preis, A. and Dubois, D. and Aspuru, I. and Guastavino, C. and Brown, L. and Nilsson, M. and Andringa, T.},
	year = {2011},
	pages = {2047--2052}
}

@article{botteldooren_temporal_2006,
	title = {The temporal structure of urban soundscapes},
	volume = {292},
	issn = {0022-460X},
	url = {http://www.sciencedirect.com/science/article/pii/S0022460X05004888},
	doi = {10.1016/j.jsv.2005.07.026},
	abstract = {The influence of noise on the quality of the urban living environment has traditionally been studied focusing on negative effects on man, such as noise annoyance and sleep disturbance. Recently a more holistic approach, including positive and negative aspects as well as non-residential functions of the urban environment, has gained renewed interest. The label “urban soundscape” is often used to refer to this approach. Research towards quantification of the acoustic descriptors of the urban soundscape is, however, still in an early stage. This paper draws on the analogy with music to propose an indicator for studying the temporal structure of the urban soundscape. The link to self-organized criticality of the underlying system is drawn. The influence on the new indicator of road traffic noise, an important soundscape disturber in urban areas, is analyzed in detail.},
	number = {1–2},
	urldate = {2017-03-30TZ},
	journal = {Journal of Sound and Vibration},
	author = {Botteldooren, D. and De Coensel, B. and De Muer, T.},
	year = {2006},
	pages = {105--123}
}

@inproceedings{giannoulis_detection_2013,
	title = {Detection and classification of acoustic scenes and events: {An} {IEEE} {AASP} challenge},
	shorttitle = {Detection and classification of acoustic scenes and events},
	doi = {10.1109/WASPAA.2013.6701819},
	abstract = {This paper describes a newly-launched public evaluation challenge on acoustic scene classification and detection of sound events within a scene. Systems dealing with such tasks are far from exhibiting human-like performance and robustness. Undermining factors are numerous: the extreme variability of sources of interest possibly interfering, the presence of complex background noise as well as room effects like reverberation. The proposed challenge is an attempt to help the research community move forward in defining and studying the aforementioned tasks. Apart from the challenge description, this paper provides an overview of systems submitted to the challenge as well as a detailed evaluation of the results achieved by those systems.},
	booktitle = {2013 {IEEE} {Workshop} on {Applications} of {Signal} {Processing} to {Audio} and {Acoustics}},
	author = {Giannoulis, D. and Benetos, E. and Stowell, D. and Rossignol, M. and Lagrange, M. and Plumbley, M. D.},
	month = oct,
	year = {2013},
	keywords = {Acoustics, Computational auditory scene analysis, Event detection, Hidden Markov models, IEEE AASP, Matlab, Measurement, Signal processing, Support vector machines, acoustic event detection, acoustic events classification, acoustic events detection, acoustic scene classification, acoustic scenes classification, acoustic scenes detection, audio signal processing, complex background noise, human-like performance, monophonic audio, polyphonic audio, reverberation},
	pages = {1--4}
}

@article{can_describing_2015,
	title = {Describing and classifying urban sound environments with a relevant set of physical indicators},
	volume = {137},
	issn = {0001-4966},
	url = {http://asa.scitation.org/doi/abs/10.1121/1.4904555},
	doi = {10.1121/1.4904555},
	number = {1},
	urldate = {2017-03-30TZ},
	journal = {The Journal of the Acoustical Society of America},
	author = {Can, A. and Gauvreau, B.},
	month = jan,
	year = {2015},
	pages = {208--218}
}

@article{raimbault_ambient_2003,
	title = {Ambient sound assessment of urban environments: field studies in two {French} cities},
	volume = {64},
	issn = {0003-682X},
	shorttitle = {Ambient sound assessment of urban environments},
	url = {http://www.sciencedirect.com/science/article/pii/S0003682X03000616},
	doi = {10.1016/S0003-682X(03)00061-6},
	abstract = {This work aims to investigate the appraisal of typical urban soundscapes. The method consists of two simultaneous on-site procedures in various urban situations in two French cities (main thorough fares, pedestrian precincts, playgrounds and market squares). While passers-by were required to express their opinion about soundscapes through questionnaires, we recorded samples of ambient sound environments and calculated acoustic parameters. The cross analysis between survey data and acoustic parameters indicated the sound level is appropriate to the description of main thorough fares, but for similar sound level locations (square, market, or playground) two further perceptive factors were remind. The perceptual spatial dimension was correlated with acoustic indicators as background noise or standard deviation of short LAeq, whereas the temporal dimension revealed differences in the perceptual attitudes of the survey respondents. The results obtained consequently identified the limitation of matching a unique acoustic descriptor with two cognitive representations (a global point of view versus a discrete listening) of the same acoustic phenomenon.},
	number = {12},
	urldate = {2017-03-30TZ},
	journal = {Applied Acoustics},
	author = {Raimbault, M. and Lavandier, C. and Bérengier, M.},
	year = {2003},
	keywords = {Ambient sound environment, Psycho-acoustics, Sound perception, Soundscapes},
	pages = {1241--1256}
}

@inproceedings{adams_soundwalking_2008,
	address = {Reading, U.K.},
	title = {Soundwalking as a methodology for understanding soundscapes},
	volume = {30},
	copyright = {http://usir.salford.ac.uk/2461/1/Adams\_etal\_2008\_Soundwalking\_as\_Methodology.pdf:public},
	url = {http://usir.salford.ac.uk/2461/},
	abstract = {Soundwalking is a practice that was devised by R. Murray Schafer, when he established the World 
Soundscape Project at Simon Fraser University during the late 1960s and early 1970s.  It is an 
empirical method for identifying a soundscape and components of a soundscape in various 
locations.  In the EPSRC-funded Positive Soundscapes Project (Davies  et al,  2007) we have 
utilized and adapted this concept of soundwalking into a sociological methodology for identifying 
and understanding people’s experiences and perceptions of the acoustic urban environment.  Our 
soundwalk is a walk around an urban area where the senses are directed towards the sounds that 
are heard rather than the more commonplace sights that are viewed.  We focus on everyday 
practices, as people move around and within the city environment with a view to understanding their 
professional and/or personal impressions of the relationships between the soundscape and the built 
infrastructure.  This paper describes the development of the soundwalking methodology and its use 
as a tool to engage professionals who work in the area of urban design and urban development 
(including city planners, developers, and architects).  The paper does not report on the findings of 
this project as data collection is currently ongoing but rather reflects on the utility of soundwalking 
as a methodological practice.},
	language = {en},
	urldate = {2017-03-30TZ},
	author = {Adams, M. D. and Bruce, N. S. and Davies, W. J. and Cain, R. and Jennings, P. and Carlyle, A. and Cusack, P. and Hume, K. and Plack, C.},
	year = {2008}
}

@article{jin_yong_perceptual_2010,
	title = {Perceptual assessment of quality of urban soundscapes with combined noise sources and water sounds},
	volume = {127},
	issn = {0001-4966},
	url = {http://asa.scitation.org/doi/abs/10.1121/1.3298437},
	doi = {10.1121/1.3298437},
	number = {3},
	urldate = {2017-03-30TZ},
	journal = {The Journal of the Acoustical Society of America},
	author = {Jin Yong, J. and Pyoung Jik, L. and Jin, Y. and Jian, K.},
	month = mar,
	year = {2010},
	pages = {1357--1366}
}

@inproceedings{lafay_new_2014,
	address = {Le Mans, France},
	title = {A {New} {Experimental} {Approach} for {Urban} {Soundscape} {Characterization} {Based} on {Sound} {Manipulation} : {A} {Pilot} {Study}},
	shorttitle = {A {New} {Experimental} {Approach} for {Urban} {Soundscape} {Characterization} {Based} on {Sound} {Manipulation}},
	url = {https://hal.archives-ouvertes.fr/hal-01099645},
	abstract = {In this paper, we aim at better understanding how human mental representations are structured in the specific case of the perception of urban soundscapes. This task is traditionally studied using questionnaires, surveys or categorization tasks followed by a lexical analysis. In contrast, we propose a new experimental approach to tackle this aim. In this approach, the subject is asked to manipulate sound events and textures within a dedicated computer environment in order to recreate two complex urban soundscapes, one ideal and the other not ideal. Subjects have access to a sound data set which has been designed and structured based upon perceptual considerations, and may alter the physical parameters of the selected sound samples. In order to achieve this, we use an audio-digital environment and a web audio interface for sound mining developed for the purpose of this study. The latter allows subjects to explore a sound database without resorting to text. By focusing on the auditory modality during the experimental process, this new paradigm potentially allows the subject to be better put in context and provides a more detailed description of the actual mental representations. In the light of the results presented in this paper, it seems that it also reduces the potential bias of only using verbalization during the experiment.},
	urldate = {2017-03-30TZ},
	booktitle = {International {Symposium} on {Musical} {Acoustics}},
	author = {Lafay, G and Rossignol, M and Misdariis, N and Lagrange, M and Petiot, J.},
	year = {2014}
}

@article{jin_yong_soundwalk_2013,
	title = {Soundwalk approach to identify urban soundscapes individually},
	volume = {134},
	issn = {0001-4966},
	url = {http://asa.scitation.org/doi/abs/10.1121/1.4807801},
	doi = {10.1121/1.4807801},
	number = {1},
	urldate = {2017-03-30TZ},
	journal = {The Journal of the Acoustical Society of America},
	author = {Jin Yong, J. and Joo Young, H. and Pyoung Jik, L.},
	year = {2013},
	pages = {803--812}
}

@article{le_sensominer:_2008,
	chapter = {23(1)},
	title = {{SensoMineR}: {A} package for sensory data analysis ({PDF} {Download} {Available})},
	shorttitle = {{SensoMineR}},
	url = {https://www.researchgate.net/publication/229672931_SensoMineR_A_package_for_sensory_data_analysis},
	abstract = {We propose a new package for sensory data analysis, named SensoMineR. SensoMineR is implemented in the R programming environment and can be accessed at the following addresses: http://sensominer.free.fr or http://cran.r-project.org. This package produces graphical displays of data that are simple to interpret, and it also provides syntheses of results issuing from various analysis of variance models or from various factor analysis methods accompanied with confidence ellipses. SensoMineR is a free software intended for sensory analysts from both academic and corporate institutions. SensoMineR is an easy and powerful solution that tackles the following problems: characterization of the products, panel performance assessment, links between sensory and instrumental data, consumer's preferences, napping evaluation, optimal designs. SensoMineR is implemented in R and can be used easily with the help of a very intuitive graphical interface.},
	urldate = {2017-03-09TZ},
	journal = {Journal of Sensory Studies},
	author = {Lê, S. and Husson, F.},
	month = feb,
	year = {2008},
	pages = {14 -- 25}
}

@article{padilla_analysis_2010,
	title = {Analysis of {SPECT} brain images for the diagnosis of {Alzheimer}'s disease based on {NMF} for feature extraction},
	volume = {479},
	issn = {0304-3940},
	url = {http://www.sciencedirect.com/science/article/pii/S0304394010006324},
	doi = {10.1016/j.neulet.2010.05.047},
	abstract = {This letter presents a novel computer-aided diagnosis (CAD) technique for the early diagnosis of Alzheimer's disease (AD) based on non-negative matrix factorization (NMF) analysis applied to single photon emission computed tomography (SPECT) images. A baseline normalized SPECT database containing normalized data for both AD patients and healthy reference patients is selected for this study. The SPECT database is analyzed by applying the Fisher discriminant ratio (FDR) for feature selection and NMF for feature extraction of relevant components of each subject. The main goal of these preprocessing steps is to reduce the large dimensionality of the input data and to relieve the so called “curse of dimensionality” problem. The resulting NMF-transformed set of data, which contains a reduced number of features, is classified by means of a support vector machines based classification technique (SVM). The proposed NMF + SVM method yields up to 94\% classification accuracy, with high sensitivity and specificity values (upper than 90\%), becoming an accurate method for SPECT image classification. For the sake of completeness, comparison between another recently developed principal component analysis (PCA) plus SVM method and the proposed method is also provided, yielding results for the NMF + SVM approach that outperform the behavior of the reference PCA + SVM or conventional voxel-as-feature (VAF) plus SVM methods.},
	number = {3},
	journal = {Neuroscience Letters},
	author = {Padilla, P. and Górriz, J. M. and Ramírez, J. and Lang, E. W. and Chaves, R. and Segovia, F. and López, M. and Salas-González, D. and Álvarez, I.},
	year = {2010},
	keywords = {Alzheimer disease, Non-negative matrix factorization, SPECT, Support vector machines},
	pages = {192--196}
}

@article{chen_hyperspectral_2014,
	title = {Hyperspectral image fusion based on sparse constraint {NMF}},
	volume = {125},
	issn = {0030-4026},
	url = {http://www.sciencedirect.com/science/article/pii/S0030402613010425},
	doi = {10.1016/j.ijleo.2013.07.061},
	abstract = {The spatial resolution of hyperspectral image is often low due to the limitation of the imaging spectrometer. Fusing the original hyperspectral image with high-spatial-resolution panchromatic image is an effective approach to enhance the resolution of hyperspectral image. However, it is hard to preserve the spectral information at the same time of enhancing the resolution by the traditional fusion methods. In this paper, we proposed a fusion method based on the spectral unmixing model called sparse constraint nonnegative matrix factorization (SCNMF). This method has a superior balance of the spectral preservation and the spatial enhancement over some traditional fusion methods. In addition, the added sparse prior and NMF based unmixing model make the fusion more stable and physically reasonable. This method first decomposes the hyperspectral image into an endmember-matrix and an abundance-matrix, then sharpens the abundance-matrix with the panchromatic image, finally obtains the fused image by solving the spectral constraint optimization problem. The experiments on both synthetic and real data show the effectiveness of the proposed method.},
	number = {2},
	journal = {Optik - International Journal for Light and Electron Optics},
	author = {Chen, Q. and Shi, Z. and An, Z.},
	month = jan,
	year = {2014},
	keywords = {Hyperspectral image fusion, Nonnegative matrix factorization (NMF), Resolution enhancement, Sparse prior},
	pages = {832--838}
}

@inproceedings{wilson_speech_2008,
	title = {Speech denoising using nonnegative matrix factorization with priors.},
	url = {https://merl.com/publications/docs/TR2008-012.pdf},
	booktitle = {{ICASSP}},
	author = {Wilson, K. W. and Raj, B. and Smaragdis, P. and Divakaran, A.},
	year = {2008},
	pages = {4029--4032}
}

@article{sha_real-time_2004,
	title = {Real-time pitch determination of one or more voices by nonnegative matrix factorization},
	url = {http://repository.upenn.edu/cis_papers/168/?utm_source=repository.upenn.edu%2Fcis_papers%2F168&utm_medium=PDF&utm_campaign=PDFCoverPages},
	author = {Sha, F. and Saul, L.},
	year = {2004}
}

@article{ozerov_general_2012,
	title = {A {General} {Flexible} {Framework} for the {Handling} of {Prior} {Information} in {Audio} {Source} {Separation}},
	volume = {20},
	issn = {1558-7916},
	doi = {10.1109/TASL.2011.2172425},
	abstract = {Most audio source separation methods are developed for a particular scenario characterized by the number of sources and channels and the characteristics of the sources and the mixing process. In this paper, we introduce a general audio source separation framework based on a library of structured source models that enable the incorporation of prior knowledge about each source via user-specifiable constraints. While this framework generalizes several existing audio source separation methods, it also allows to imagine and implement new efficient methods that were not yet reported in the literature. We first introduce the framework by describing the model structure and constraints, explaining its generality, and summarizing its algorithmic implementation using a generalized expectation-maximization algorithm. Finally, we illustrate the above-mentioned capabilities of the framework by applying it in several new and existing configurations to different source separation problems. We have released a software tool named Flexible Audio Source Separation Toolbox (FASST) implementing a baseline version of the framework in Matlab.},
	number = {4},
	journal = {IEEE Transactions on Audio, Speech, and Language Processing},
	author = {Ozerov, A. and Vincent, E. and Bimbot, F.},
	year = {2012},
	keywords = {Audio source separation, Covariance matrix, FASST, Hidden Markov Models, Libraries, Mathematical model, Matlab, Nonnegative matrix factorization, Source separation, Speech, Speech processing, above-mentioned capability, algorithmic implementation, audio signal processing, audio source separation methods, expectation-maximisation algorithm, expectation–maximization, flexible audio source separation toolbox, general audio source separation framework, general flexible framework, generalized expectation-maximization algorithm, local Gaussian model, mixing process, model constraints, model structure, prior information handling, prior knowledge, software tool, source separation problems, structured source models, user-specifiable constraints},
	pages = {1118--1133}
}

@book{cstb_simulation_2015,
	title = {Simulation de bruit dynamique},
	url = {https://www.youtube.com/watch?v=7uX8MdwJMjM},
	abstract = {Le CSTB, labellisé Carnot, a étudié l'environnement sonore d'une place piétonne, située le long du Cours Lafayette à Lyon. Puis il a créé avec le logiciel MithraSON, une maquette sonore qui simule les bruits urbains. Un outil essentiel pour évaluer par l'écoute, l'impact sonore d'un projet d'aménagement.},
	author = {{CSTB}},
	month = oct,
	year = {2015},
	keywords = {CSTB, Construction (Industry), EveCity}
}

@misc{cstb_simulation_2015-1,
	title = {Simulation de bruit dynamique},
	url = {https://www.youtube.com/watch?v=7uX8MdwJMjM},
	abstract = {Le CSTB, labellisé Carnot, a étudié l'environnement sonore d'une place piétonne, située le long du Cours Lafayette à Lyon. Puis il a créé avec le logiciel MithraSON, une maquette sonore qui simule les bruits urbains. Un outil essentiel pour évaluer par l'écoute, l'impact sonore d'un projet d'aménagement.},
	urldate = {2017-03-09TZ},
	author = {{CSTB}},
	month = oct,
	year = {2015},
	keywords = {CSTB, Construction (Industry), EveCity}
}

@misc{noauthor_cstb_nodate,
	type = {Simulation d'ambiances sonores urbaines},
	title = {{CSTB} : {Département} {Acoustique} \& {Eclairage}: {MithraSON}},
	url = {http://www.cstb.fr/dae/fr/nos-produits-et-formations/outils-de-calcul/mithrason.html},
	urldate = {2017-03-09TZ},
	journal = {MithraSon}
}

@inproceedings{aumond_sound_2016,
	title = {Sound pleasantness evaluation of pedestrian walks in urban sound environments},
	copyright = {I have retained and own the full copyright for this publication},
	isbn = {978-987-24713-6-1},
	url = {http://hdl.handle.net/1854/LU-8159773},
	language = {eng},
	urldate = {2017-03-09TZ},
	booktitle = {Proceedings of the 22nd {International} {Congress} on {Acoustics}},
	author = {Aumond, P. and Can, A. and De Coensel, B. and Botteldooren, D. and Ribeiro, C. and Lavandier, C.},
	year = {2016}
}

@article{misra_musical_2007,
	title = {Musical {Tapestry}: {Re}-composing {Natural} {Sounds}†},
	volume = {36},
	issn = {0929-8215},
	shorttitle = {Musical {Tapestry}},
	url = {http://dx.doi.org/10.1080/09298210801984839},
	doi = {10.1080/09298210801984839},
	abstract = {A system to aid composition with analysis, transformation, and re-synthesis of natural sounds is described. Sinusoidal analysis is used to isolate and extract deterministic sounds, and transients are also isolated/extracted, leaving the stochastic background which is parameterized by wavelet tree analysis. All of these components become templates for the synthesis phase, which is controlled (1) by placing templates on timelines or in groups, (2) by real-time manipulation of parameters, and (3) via scripting using the ChucK language. The result is a flexible “workbench” for doing modern day musique concrète or acousmatic composition, sound design, and other sonic sculpting tasks.},
	number = {4},
	urldate = {2017-03-09TZ},
	journal = {Journal of New Music Research},
	author = {Misra, A. and Wang, G. and Cook, P.},
	year = {2007},
	pages = {241--250}
}

@inproceedings{bruce_development_2009,
	address = {Ottawa, Canada},
	title = {Development of a soundscape simulator tool},
	url = {http://usir.salford.ac.uk/2467/},
	abstract = {This paper discusses the development of an interactive soundscape simulator, enabling users to manipulate a series of parameters to investigate if there is group correlation between factors such as source selection, positioning and level. The basis of the simulator stems from fieldwork and recordings carried out in London and Manchester. Through the use of an enhanced version of soundwalking, respondents are led on a walk around an urban space focusing on the soundscape, whilst answering questions in a semi-structured interview. The data collected is then used to inform the ecological validity of the simulator. The laboratory based tests use simulations based on spaces recorded in a series of urban locations, as well as an ‘idealised’ soundscape simulation, featuring data from all recorded locations. The sound sources used are based on user highlighted selections from all locations, based on preferences extracted from soundwalk field data. Preliminary results show the simulator is effective in obtaining numerical data based on subjective choices as well as, effective qualitative data which provides an insight into the reasoning behind the respondents choices. This work forms part of the Positive Soundscape Project.},
	urldate = {2017-03-09TZ},
	author = {Bruce, N.S. and Davies, W.J. and Adams, M.D.},
	booktitle = {Proceedings of the {INTERNOISE} {Congress}},
	month = aug,
	year = {2009}
}

@article{fitzgerald_harmonic/percussive_2010,
	address = {Austria},
	edition = {13th International Conference on Digital Audio Effects (DAFX10)},
	title = {Harmonic/{Percussive} {Separation} {Using} {Median} {Filtering}},
	url = {http://arrow.dit.ie/argcon/67},
	abstract = {In this paper, we present a fast, simple and effective method to separate the harmonic and percussive parts of a monaural audio signal.The technique involves the use of median ﬁltering on a spectrogram of the audio signal, with median ﬁltering performed across successive frames to suppress percussive events and enhance harmonic components, while median ﬁltering is also performed across frequency bins to enhance percussive events and supress harmonic components. The two resulting median ﬁltered spectrograms are then used to generate masks which are then applied to the original spectrogram to separate the harmonic and percussive parts of the signal. We illustrate the use of the algorithm in the context of remixing audio material from commercial recordings.},
	journal = {Conference papers},
	author = {Fitzgerald, D.},
	month = jan,
	year = {2010}
}

@book{dagnelie_principes_2003,
	title = {Principes d'expérimentation: planification des expériences et analyse de leurs résultats},
	isbn = {978-2-87016-069-5},
	shorttitle = {Principes d'expérimentation},
	abstract = {Principes d'expérimentation : planification des expériences et analyse de leurs résultats présente les notions de base de l'expérimentation, considérée comme l'utilisation raisonnée des plans d'expériences. Cet ouvrage s'étend de la conception de tels plans à l'analyse et l'interprétation des résultats obtenus. Ces notions sont présentées d'une manière très générale et sont illustrées de nombreux exemples. L'ensemble comprend aussi des tables numériques, un index bibliographique de plus de 400 références, un index des traductions anglaises et un index des matières. Ce livre s'adresse ainsi aux enseignants, aux étudiants et aux chercheurs de toutes les disciplines qui font appel à la méthode expérimentale, dans le cadre des universités, des grandes écoles et des centres de recherche publics et privés. Il constitue un complément aux ouvrages Théorie et méthodes statistiques : applications agronomiques (2 vol.), publié initialement en 1969 et 1970, et Statistique théorique et appliquée (2 vol.), publié en 1998.},
	language = {fr},
	publisher = {Presses Agronomiques de Gembloux},
	author = {Dagnelie, P.},
	year = {2003}
}

@article{salamon_dataset_nodate,
	title = {A {Dataset} and {Taxonomy} for {Urban} {Sound} {Research}},
	url = {https://www.academia.edu/13029837/A_Dataset_and_Taxonomy_for_Urban_Sound_Research},
	abstract = {A Dataset and Taxonomy for Urban Sound Research},
	urldate = {2017-03-09TZ},
	journal = {Proceedings of the ACM International Conference on Multimedia - MM \&\#39;14},
	author = {Salamon, J. and Jacoby, C. and Bello, J.}
}

@article{pages_blocs_2007,
	title = {Blocs incomplets équilibrés versus plans optimaux},
	volume = {148},
	url = {https://hal.archives-ouvertes.fr/hal-00467009},
	abstract = {Dans l'organisation d'une expérimentation en blocs, lorsque le nombre de traitements étudiés excède la taille des blocs, il est classique de recourir à un plan en blocs incomplets équilibrés (B.I.E.). Lorsque ce dernier n'existe pas pour une configuration nombres de blocs/nombre de traitements/nombre de traitements par bloc donnée, l'expérimentateur peut préférer se ramener à un B.I.E. dont la configuration est « proche » de celle étudiée, pour bénéficier des propriétés statistiques remarquables de tels plans. Ce faisant, il renonce en général à des données potentiellement disponibles. À l'inverse, l'expérimentateur peut envisager de construire le plan en respectant strictement la configuration initiale afin de prendre en compte la totalité de ces données, quitte à dégrader les propriétés d'équilibre du plan. Ces deux approches sont d'abord comparées à partir de deux exemples où le plan à construire peut être obtenu de façon simple en adaptant un plan en B.I.E.; les exemples proposés montrent qu'il est préférable, en terme d'efficacité, de conserver la configuration initiale, plutôt que de se ramener à un B.I.E. Pour des configurations plus complexes, les plans peuvent être construits avec profit à partir d'un algorithme de construction de plans optimaux. Les simulations présentées pour un grand nombre de configurations montrent qu'à défaut de présenter systématiquement les équilibres remarquables d'un B.I.E., les plans optimaux ainsi obtenus possèdent une efficacité comparable à ces plans de référence.},
	number = {2},
	urldate = {2017-02-23TZ},
	journal = {Journal de la Société Française de Statistique},
	author = {Pagès, J. and Périnel, E.},
	year = {2007},
	pages = {99--112}
}

@misc{husson_introduction_nodate,
	type = {plateforme vidéo},
	title = {Introduction au plan d'expériences en analyse sensorielle - {YouTube}},
	url = {https://www.youtube.com/watch?v=A4VyjBGD9vY},
	abstract = {Présentation des principaux plans utilisés en analyse sensorielle : plans en blocs incomplets équilibrés, plans en carré latin, plans de Williams, plans optimaux.},
	urldate = {2017-02-23TZ},
	journal = {Introduction au plan d'expériences en analyse sensorielle},
	author = {Husson, F.}
}


@inproceedings{chen_constrained_nodate,
	title = {Constrained non-{Negative} {Matrix} {Factorization} {Method} for {EEG} {Analysis} in {Early} {Detection} of {Alzheimer} {Disease}},
	volume = {5},
	doi = {10.1109/ICASSP.2006.1661420},
	abstract = {Méthode NMF avec contraintes temporelle notamment en vue de détecter des signaux d'électrocardiogramme. Pour cela établissement d'une fonction cout R qu'on cherche à minimiser par la moyenne à court terme du signal réel et du signal à l'allure connue.},
	booktitle = {2006 {IEEE} {International} {Conference} on {Acoustics}, {Speech} and {Signal} {Processing}, 2006. {ICASSP} 2006 {Proceedings}},
	author = {Chen, Z. and Cichocki, A. and Rutkowski, T.M.},
	keywords = {Constrained nonnegative matrix factorization method, Feature Extraction, Independent component analysis, Temporal smoothness constraint, learning },
	pages = {V--V}
}

@article{lu_structure_2015,
	title = {Structure constrained semi-nonnegative matrix factorization for {EEG}-based motor imagery classification},
	volume = {60},
	issn = {0010-4825},
	url = {http://www.sciencedirect.com/science/article/pii/S0010482515000591},
	doi = {10.1016/j.compbiomed.2015.02.010},
	abstract = {NMF semi-supervisé avec une contrainte S qui semble être une contrainte temporelle provenant des moyennes apprises du signal. Les signaux utilisés sont des signaux d’électro-encéphalogrammes du cerveaux afin de reconnaitre des formes particulières du signal. La méthode est comparée à d'autres méthodes (ICA, PCA, NMF, semi-NMF...) et offrent des résultats convainquant. Les points négatifs sont la quantité de calculs provoquée par cette méthode qui est plus importante. La difficultés de choisir une bonne valeur de lambda.},
	urldate = {2015-11-20TZ},
	author = {Lu, N. and Li, T. and Pan, J. and Ren, X. and Feng, Z. and Miao, H.},
	year = {2015},
	keywords = {Semi-nonnegative matrix factorization, Structure constraint},
	pages = {32--39}
}

@article{lu_structure_2016,
	title = {Structure constrained nonnegative matrix factorization for pattern clustering and classification},
	volume = {171},
	issn = {0925-2312},
	url = {http://www.sciencedirect.com/science/article/pii/S0925231215008954},
	doi = {10.1016/j.neucom.2015.06.049},
	abstract = {Decomposing data into a small number of essential components is usually an efficient strategy for data exploration, analysis and interpretation. Various workhorse methods such as principal component analysis (PCA) and nonnegative matrix factorization (NMF) have been developed along this line of ideas. These methods impose different constraints (e.g., orthogonality for PCA) to obtain compact or physically meaningful bases. However, it is more natural to learn the constraints directly from data and use them to guide the decomposition procedure. Also, existing methods mainly focus on inter-sample information and the intra-sample structure information has rarely been explored. We propose a novel method, called structure constraint nonnegative matrix factorization (SCNMF), which makes use of the intra-sample structures to facilitate the decomposition process. SCNMF mimics the recognition mechanism of the human brain to extract structure information, and has several attractive properties like always generating orthogonal bases. For concept proof and illustration purpose, human face images are the primary data used in our experiment studies, and the results suggest a superior performance of SCNMF over other representative decomposition algorithms. To illustrate the generality of the proposed method, we also show one example of the application of SCNMF in supervised learning of electrocorticography data.},
	urldate = {2015-11-20TZ},
	journal = {Neurocomputing},
	author = {Lu, N. and Miao, H.},
	month = jan,
	year = {2016},
	keywords = {Classification, Face recognition, Nonnegative matrix factorization, Structure constraint, clustering},
	pages = {400--411}
}

@inproceedings{liu_non-negative_2010,
	title = {Non-{Negative} {Matrix} {Factorization} with {Constraints}},
	copyright = {Authors who publish a paper in this conference agree to the following terms:   Author(s) agree to transfer their copyrights in their article/paper to the Association for the Advancement of Artificial Intelligence (AAAI), in order to deal with future requests for reprints, translations, anthologies, reproductions, excerpts, and other publications. This grant will include, without limitation, the entire copyright in the article/paper in all countries of the world, including all renewals, extensions, and reversions thereof, whether such rights current exist or hereafter come into effect, and also the exclusive right to create electronic versions of the article/paper, to the extent that such right is not subsumed under copyright.  The author(s) warrants that they are the sole author and owner of the copyright in the above article/paper, except for those portions shown to be in quotations; that the article/paper is original throughout; and that the undersigned right to make the grants set forth above is complete and unencumbered.  The author(s) agree that if anyone brings any claim or action alleging facts that, if true, constitute a breach of any of the foregoing warranties, the author(s) will hold harmless and indemnify AAAI, their grantees, their licensees, and their distributors against any liability, whether under judgment, decree, or compromise, and any legal fees and expenses arising out of that claim or actions, and the undersigned will cooperate fully in any defense AAAI may make to such claim or action. Moreover, the undersigned agrees to cooperate in any claim or other action seeking to protect or enforce any right the undersigned has granted to AAAI in the article/paper. If any such claim or action fails because of facts that constitute a breach of any of the foregoing warranties, the undersigned agrees to reimburse whomever brings such claim or action for expenses and attorneys’ fees incurred therein.  Author(s) retain all proprietary rights other than copyright (such as patent rights).  Author(s) may make personal reuse of all or portions of the above article/paper in other works of their own authorship.  Author(s) may reproduce, or have reproduced, their article/paper for the author’s personal use, or for company use provided that AAAI copyright and the source are indicated, and that the copies are not used in a way that implies AAAI endorsement of a product or service of an employer, and that the copies per se are not offered for sale. The foregoing right shall not permit the posting of the article/paper in electronic or digital form on any computer network, except by the author or the author’s employer, and then only on the author’s or the employer’s own web page or ftp site. Such web page or ftp site, in addition to the aforementioned requirements of this Paragraph, must provide an electronic reference or link back to the AAAI electronic server, and shall not post other AAAI copyrighted materials not of the author’s or the employer’s creation (including tables of contents with links to other papers) without AAAI’s written permission.  Author(s) may make limited distribution of all or portions of their article/paper prior to publication.  In the case of work performed under U.S. Government contract, AAAI grants the U.S. Government royalty-free permission to reproduce all or portions of the above article/paper, and to authorize others to do so, for U.S. Government purposes.  In the event the above article/paper is not accepted and published by AAAI, or is withdrawn by the author(s) before acceptance by AAAI, this agreement becomes null and void.},
	url = {http://www.aaai.org/ocs/index.php/AAAI/AAAI10/paper/view/1820},
	abstract = {Article traintant de la méthode NMF avec constrainte sur la bibliothèque (donc semi-supervisé). X = UV mais V va être décomposé par deux matrices : A et Z. A est une matrice de pondération binaire, soit c'est 1 si c'est catalogué soit c'est 0. Sur la diagonale, c'est 1 par contre. On doit donc à la fin mettre à jour la matrice U et la matrice Z où U est donc la pondération et Z la bibliothèque. L'article apporte également la preuve de le convergence de l'algorithme de mise à jour. Les tests sont faits sur des images et non sur des sons cependant.},
	language = {en},
	urldate = {2015-11-16TZ},
	booktitle = {Twenty-{Fourth} {AAAI} {Conference} on {Artificial} {Intelligence}},
	author = {Liu, H. and Wu, Z.},
	month = jul,
	year = {2010}
}

@inproceedings{dhillon_generalized_2005,
	title = {Generalized nonnegative matrix approximations with {Bregman} divergences},
	abstract = {Nonnegative matrix approximation (NNMA) is a recent technique for dimensionality reduction and data analysis that yields a parts based, sparse nonnegative representation for nonnegative input data. NNMA has found a wide variety of applications, including text analysis, document clustering, face/image recognition, language modeling, speech processing and many others. Despite these numerous applications, the algorithmic development for computing the NNMA factors has been relatively deficient. This paper makes algorithmic progress by modeling and solving (using multiplicative updates) new generalized NNMA problems that minimize Bregman divergences between the input matrix and its lowrank approximation. The multiplicative update formulae in the pioneering work by Lee and Seung [11] arise as a special case of our algorithms. In addition, the paper shows how to use penalty functions for incorporating constraints other than nonnegativity into the problem. Further, some interesting extensions to the use of “link ” functions for modeling nonlinear relationships are also discussed. 1},
	booktitle = {In: {Neural} {Information} {Proc}. {Systems}},
	author = {Dhillon, I. and Sra, S.},
	year = {2005},
	keywords = {Nonnegative matrix factorization},
	pages = {283--290}
}

@inproceedings{wang_non-negative_nodate,
	title = {Non-negative semi-supervised learning},
	abstract = {Article traitant de la méthode d'apprentissage semi-supervisé dans le cadre de la NMF. L'expression de minimisation fait intervenir une fonction graph qui permet favoriser ou de pénaliser les données qui sont proches ou éloignés (notamment auprès de la matrice d'activation V) ainsi qu'une hypothèse de smoothness qui permet de mettre sous la même classe les données qui sont similaires. Les expressions itératives des deux matrices sont données. Ces algorithmes sont testés sur des images et sont utilisés pour la classification.},
	booktitle = {in: {Proceedings} of the 12th {International} {Conference} on {Artificial} {Intelligence} and {Statistics}},
	author = {Wang, C. and Yan, S. and Zhang, L. and Zhang, H.},
	keywords = {Algorithms, semi-supervised non-negative matrix factorization},
	pages = {575--582}
}

@article{lee_semi-supervised_2010,
	title = {Semi-{Supervised} {Nonnegative} {Matrix} {Factorization}},
	volume = {17},
	issn = {1070-9908},
	doi = {10.1109/LSP.2009.2027163},
	abstract = {Méthode de la NMF semi-supervisée avec une fonction objectif à minimiser. La techniques s'apparente à de la NMF non supervisé. Mais dans laquelle on met à jours deux dictionnaires A et B et une seule matrice d'activation S. Cette dernière est mise à jour grâce à ces deux matrice. Mais l'influence de la matrice B est quant à elle pondéré par un coef lambda. Si lambda = 0, c'est la non supervisé classique. L'algorithme est testée sur des échantillons de mots et la classification se fait à l'aide de la méthode SVM et de l'algorithme de Viterbi. Il en vient que la classification est meilleure pour la méthode SS-NMF. Sur la matrice d'activateur il n'y a pas de contraintes mentionnées.},
	number = {1},
	journal = {IEEE Signal Processing Letters},
	author = {Lee, H. and Yoo, J. and Choi, S.},
	month = jan,
	year = {2010},
	keywords = {Classification, Nonnegative matrix factorization, learning , semi-supervised learning, semi-supervised non-negative matrix factorization},
	pages = {4--7}
}

@article{wu_nmfe-sscc:_2015,
	title = {{NMFE}-{SSCC}: {Non}-negative matrix factorization ensemble for semi-supervised collective classification},
	volume = {89},
	issn = {0950-7051},
	shorttitle = {{NMFE}-{SSCC}},
	url = {http://www.sciencedirect.com/science/article/pii/S0950705115002440},
	doi = {10.1016/j.knosys.2015.06.026},
	abstract = {Comparaison des méthodes NMF pour la classification : supervisé classique, semi-supervisé, classification collective et classification collective semi-supervisé. Cette dernière méthode consiste donc à mettre à jour une partie de la librairie du dictionnaire en supposant des relations entre les différentes types de sources. Les méthodes sont testées sur des mots et des images (pas de test sur des sons audio). Elle met en évidence l'influence des paramètres alpha et beta dans la fonction à minimiser. Celle-ci est composé de 3 termes : la différences euclidienne et de deux termes qui prennent en compte une nouvelle matrice de base (B).},
	urldate = {2015-11-16TZ},
	journal = {Knowledge-Based Systems},
	author = {Wu, Q. and Tan, M. and Li, X. and Min, H. and Sun, N.},
	month = nov,
	year = {2015},
	keywords = {Collective classification, Ensemble classification, Nonnegative matrix factorization, Semi-supervised collective classification},
	pages = {160--172}
}

@article{bach_robust_2011,
	series = {Perceptual and {Statistical} {Audition}},
	title = {Robust speech detection in real acoustic backgrounds with perceptually motivated features},
	volume = {53},
	issn = {0167-6393},
	url = {http://www.sciencedirect.com/science/article/pii/S0167639310001305},
	doi = {10.1016/j.specom.2010.07.003},
	abstract = {Article utilisant les méthodes classiques de reconnaissances de sources pour des signaux de paroles. La méthode utilisé consiste d'abord à séparer et à classifier le bruit de fond avec le reste des événements. Puis on détecte proprement le signal de paroles. C'est une méthode robuste qui résiste bien aux variations du bruit de fond.},
	number = {5},
	urldate = {2015-11-05TZ},
	journal = {Speech Communication},
	author = {Bach, J. and Anemüller, J. and Kollmeier, B.},
	month = may,
	year = {2011},
	keywords = {Amplitude modulations, Fluctuating noise, Pattern classification, Real-world scenario, Speech detection},
	pages = {690--706}
}

@inproceedings{peltonen_computational_2002,
	title = {Computational auditory scene recognition},
	volume = {2},
	doi = {10.1109/ICASSP.2002.5745009},
	abstract = {Problème de la reconnaissance de sources sonores par les méthodes classiques (extracteurs, classificateurs). L'extracteur MFCC couplé avec le classificateur k-NN et GMM est le plus efficace. C'est le couple "MFCC+GMM" qui offre les meilleurs résultats. La MFCC a l'avantage de pouvoir encoder la forme de tout le spectre et ainsi de permettre la modélisation de sources sonores simples alors que le rapport de bande d'énergie génère des sous-bandes et résume avec une certaine précision les événements sonores se déroulant dans des bandes de fréquences. Cette méthode "MFCC + GMM" est la base de la méthode "bag-of-frames".},
	booktitle = {2002 {IEEE} {International} {Conference} on {Acoustics}, {Speech}, and {Signal} {Processing} ({ICASSP})},
	author = {Peltonen, V. and Tuomi, J. and Klapuri, A. and Huopaniemi, J. and Sorsa, T.},
	month = may,
	year = {2002},
	keywords = {Artificial neural networks, Rail transportation, Roads, Vehicles},
	pages = {II--1941--II--1944}
}

@article{basseville_distance_1989,
	title = {Distance measures for signal processing and pattern recognition},
	volume = {18},
	issn = {0165-1684},
	url = {http://www.sciencedirect.com/science/article/pii/0165168489900790},
	doi = {10.1016/0165-1684(89)90079-0},
	abstract = {Some general tools for measuring distances either between two statistical models or between a parametric model (or signature) and a signal are presented. These tools are useful in a variety of signal processing applications such as detection, segmentation, classification, recognition and coding. After a section devoted to general distance measures between probability laws, the question of spectral distances between processes is investigated. Then results concerning AR and ARMA models are described. Problems related to the interaction between distances for parametric models and estimation of the parameters of these models are also mentioned. Also recalled (when necessary) are some classical results about error bounds in classification and feature selection for pattern recognition, which are obtained with the aid of properties of distance measures. Wir stellen einige allgemeine Werkzeuge zur Messung von Abständen zwischen zwei statistischen Modellen oder zwischen einem parametrischen Modell und einem Signal vor. Diese Werkzeuge sind hilfreich bei der Lösung einer Reihe von Signalverabeitungs-Aufgaben wie etwa der Detektion, der Segmentierung, der Klassifizierung, der Erkennung oder der Kodierung. Nach einem Abschnitt, der allgemeinen Abstandsmaßen zwischen Wahrscheinlichkeits-Gesetzen gewidmet ist, untersuchen wir die Frage spektraler Abstände zwischen Prozessen. Dann beschreiben wir Ergebnisse, die AR- und ARMA-Modelle betreffen; hierbei gehen wir auch auf das Problem der gegenseitigen Beeinflussung von Abstandsmessung für parametrische Modelle und Parameter-Schätzung für diese Modelle ein. Weiterhin erinnern wir (wo nötig) an einige klassische Ergebnisse bezüglich der Fehlergrenzen und der Merkmals-Auswahl bei der Mustererkennung, die man mit Hilfe der Eigenschaften von Abstandsmaßen gewinnen kann. On se propose de présenter quelques outils généraux pour mesurer des distances soit entre deux modèles statistiques soit entre un modèle paramétrique et un signal. Ces outils sont utiles pour résoudre de nombreux problèmes en traitement du signal et notamment pour la détection, la segmentation, la classification, la reconnaissance ou le codage. Après un paragraphe consacré à des mesures générales de distances entre lois de probabilité, on considère le problème des distances spectrales entre processus. Puis on présente des résultats relatifs aux modèles AR ou ARMA, pour lesquels on mentionne aussi les problèmes liés à l'interaction entre distances de modèles paramétriques et estimation des paramètres de ces modèles. Sont également rappelés, lorsqu'il y a lieu, les résultats classiques concernant les bornes d'erreur de classification ou la sélection de traits caractéristiques pour la reconnaissance des formes, résultats obtenus à l'aide de propriétés de distances précisément.},
	number = {4},
	urldate = {2015-11-02TZ},
	journal = {Signal Processing},
	author = {Basseville, M.},
	month = dec,
	year = {1989},
	keywords = {Classification, Distances, coding, detection, recognition, segmentation},
	pages = {349--369}
}

@inproceedings{wei_monitoring_2014,
	title = {Monitoring sound exposure by real time measurement and dynamic noise map},
	url = {http://www.fa2014.agh.edu.pl/fa2014_cd/article/PJ/PJ06_2.pdf},
	abstract = {Article détaillant les outils mis en oeuvres pour améliorer la cartographie de bruit en ville à partir d'un réseau de mesure et d'en faire des cartes dynamique. L'article arrive ainsi à voir la contribution des différents réseaux de rues sur le niveau sonore en un point.},
	urldate = {2015-10-30TZ},
	booktitle = {Forum {Acusticum} 2014},
	author = {Wei, W. and Botteldooren, D. and Van Renterghem, T.},
	year = {2014},
	keywords = {Noise mapping, Noise monitoring}
}

@article{de_kluijver_noise_2003,
	title = {Noise mapping and {GIS}: optimising quality and efficiency of noise effect studies},
	volume = {27},
	issn = {0198-9715},
	shorttitle = {Noise mapping and {GIS}},
	url = {http://www.sciencedirect.com/science/article/pii/S0198971501000382},
	doi = {10.1016/S0198-9715(01)00038-2},
	abstract = {Noise caused by industry and infrastructure is a major source of dissatisfaction with the environment in residential areas. In order to assess and monitor the influence of noise, policies on noise control have been developed in most European countries. Noise effect studies are carried out to support these policies. The result of different studies can only be combined or compared if the same indicators for noise exposure and the same assessment methods are used. It is therefore important to develop standardised methods for noise mapping. This is recognised by the DG Environment of the European Commission, who is preparing a Directive on Environmental Noise. This article illustrates and underlines the essence of standardised noise mapping tools. It also describes considerations for the development of these tools and focuses on: accuracy; cost-benefit criteria for noise measures; and presentation of uncertainties in results.

Geographical Information Systems (GIS) play an important role in noise mapping. An appropriate use of GIS in mapping noise effects makes it possible to optimise quality and efficiency of noise effect studies. Standardisation will benefit from the possibility of automating the noise mapping process in GIS. Furthermore, GIS can play an important role in estimating and exposing uncertainties.},
	number = {1},
	urldate = {2015-10-29TZ},
	journal = {Computers, Environment and Urban Systems},
	author = {de Kluijver, H. and Stoter, J.},
	month = jan,
	year = {2003},
	keywords = {Decision support, Environmental modelling, Uncertainty analysis},
	pages = {85--102}
}

@article{lopez-pacheco_method_2014,
	title = {A method for environmental acoustic analysis improvement based on individual evaluation of common sources in urban areas},
	volume = {468–469},
	issn = {0048-9697},
	url = {http://www.sciencedirect.com/science/article/pii/S0048969713010127},
	doi = {10.1016/j.scitotenv.2013.08.085},
	abstract = {Noise levels of common sources such as vehicles, whistles, sirens, car horns and crowd sounds are mixed in urban soundscapes. Nowadays, environmental acoustic analysis is performed based on mixture signals recorded by monitoring systems. These mixed signals make it difficult for individual analysis which is useful in taking actions to reduce and control environmental noise. This paper aims at separating, individually, the noise source from recorded mixtures in order to evaluate the noise level of each estimated source. A method based on blind deconvolution and blind source separation in the wavelet domain is proposed. This approach provides a basis to improve results obtained in monitoring and analysis of common noise sources in urban areas. The method validation is through experiments based on knowledge of the predominant noise sources in urban soundscapes. Actual recordings of common noise sources are used to acquire mixture signals using a microphone array in semi-controlled environments. The developed method has demonstrated great performance improvements in identification, analysis and evaluation of common urban sources.},
	urldate = {2015-10-29TZ},
	journal = {Science of The Total Environment},
	author = {López-Pacheco, M. and Sánchez-Fernández, L. and Molina-Lozano, H.},
	month = jan,
	year = {2014},
	keywords = {Blind deconvolution, Environmental noise, Independent component analysis, blind source separation},
	pages = {724--737}
}

@article{lagrange_bag--frames_2014,
	title = {The bag-of-frames approach: a not so sufficient model for urban soundscapes},
	shorttitle = {The bag-of-frames approach},
	url = {http://arxiv.org/abs/1412.4052},
	abstract = {The "bag-of-frames" approach (BOF), which encodes audio signals as the long-term statistical distribution of short-term spectral features, is commonly regarded as an effective and sufficient way to represent environmental sound recordings (soundscapes) since its introduction in an influential 2007 article. The present paper describes a conceptual replication of this seminal article using several new soundscape datasets, with results strongly questioning the adequacy of the BOF approach for the task. We show that the good accuracy originally reported with BOF likely result from a particularly thankful dataset with low within-class variability, and that for more realistic datasets, BOF in fact does not perform significantly better than a mere one-point average of the signal's features. Soundscape modeling, therefore, may not be the closed case it was once thought to be. Progress, we argue, could lie in reconsidering the problem of considering individual acoustical events within each soundscape.},
	urldate = {2015-10-28TZ},
	journal = {arXiv:1412.4052 [cs]},
	author = {Lagrange, M. and Lafay, G. and Defreville, B. and Aucouturier, J.},
	month = dec,
	year = {2014},
	note = {arXiv: 1412.4052},
	keywords = {Bag-of-frames, Classification, Computer Science}
}

@inproceedings{king_environmental_2010,
	title = {Environmental noise mapping using measurements in transit},
	url = {http://www.tara.tcd.ie/handle/2262/41082},
	abstract = {Mesures prise le long d'une rue par différents moyens de locomotions afin de comparer ces résultats aux calculs numériques. Ils mettent en avant la différences avec les résultats numériques  et la dépendance des mesures à la technique employée. La prise directe du niveau sonore permet une meilleure estimation du niveau sonore.},
	language = {en},
	urldate = {2015-10-27TZ},
	author = {King, E. and Cahill, V. and Rice, H. and Bennett, G.},
	year = {2010}
}

@article{murphy_scenario_2011,
	series = {Noise {Mapping}},
	title = {Scenario analysis and noise action planning: {Modelling} the impact of mitigation measures on population exposure},
	volume = {72},
	issn = {0003-682X},
	shorttitle = {Scenario analysis and noise action planning},
	url = {http://www.sciencedirect.com/science/article/pii/S0003682X10002343},
	doi = {10.1016/j.apacoust.2010.10.006},
	abstract = {Élaboration de carte de bruit à Dublin et proposition de mesures pour diminuer le bruit : diminution du trafic, de la vitesse maximale ou installation de barrière le long des routes. La diminution du trafic et de la vitesse n'est pas la méthode la plus concluante pour diminuer le bruit chez les habitants alors que la barrière est la plus efficace (mais aussi la plus chère).},
	number = {8},
	urldate = {2015-10-27TZ},
	journal = {Applied Acoustics},
	author = {Murphy, E. and King, E.},
	month = jul,
	year = {2011},
	keywords = {Environmental noise directive, Noise modelling, Population exposure, Scenario analysis, Strategic noise mapping},
	pages = {487--494}
}

@article{de_coensel_microsimulation_2007,
	title = {Microsimulation {Based} {Corrections} on the {Road} {Traffic} {Noise} {Emission} {Near} {Intersections}},
	volume = {93},
	abstract = {Urban noise mapping traditionally involves the use of a traffic simulation model, which is often based on the estimation of macroscopic traffic flows. However, intersections and other local traffic management measures are not always modeled correctly. It is well known that the specific deceleration and acceleration dynamics of traffic at junctions can influence local noise emission. Finding the best strategy for using traffic modeling results in noise mapping is a current topic of research in the IMAGINE project. In this paper, a case study is presented, consisting of a large set of microscopic traffic simulations and associated noise emission calculations, which provides some insight into the specific dynamics of the noise emission near different types of intersections. It will be shown that it is possible to refine current traffic noise prediction models, based on macroscopic traffic simulation, using a correction on the average vehicle emission, aggregated in lane segments. A spatial approach should be used, in which inbound and outbound lanes are divided into deceleration, queuing, stopline and acceleration zones. Results from regression analysis on the numerical simulations indicate that meaningful relations between noise corrections and traffic flow parameters such as traffic intensity and composition can be deduced.},
	number = {2},
	journal = {Acta Acustica united with Acustica},
	author = {De Coensel, B and Botteldooren, D and Vanhove, F and Logghe, S.},
	month = mar,
	year = {2007},
	pages = {241--252}
}

@article{zannin_characterization_2013,
	title = {Characterization of environmental noise based on noise measurements, noise mapping and interviews: {A} case study at a university campus in {Brazil}},
	volume = {31},
	issn = {0264-2751},
	shorttitle = {Characterization of environmental noise based on noise measurements, noise mapping and interviews},
	url = {http://www.sciencedirect.com/science/article/pii/S0264275112001771},
	doi = {10.1016/j.cities.2012.09.008},
	abstract = {Etude objective et subjective du bruit dans un campus universitaire au Brésil. L'étude objective s'attarde sur la mesure du niveau sonore en 58 points dans l'université. Elle compare également les niveaux sonores mesurés et simulé. Permettant d'établir une carte de bruit du campus. Egalement un test est réalisé auprès d'étudiants et de membres de l'université afin de juger le bruit. Il met en évidence que le bruit de trafic est le bruit le plus perçu et le plus gênant. Elle met aussi en évidence que le bruit provoque principalement de l'irritation et des problèmes de concentration.},
	urldate = {2015-10-27TZ},
	journal = {Cities},
	author = {Zannin, P and Engel, M. and Fiedler, P. and Bunn, F.},
	month = apr,
	year = {2013},
	keywords = {Environmental noise, Noise mapping, Noise pollution, Sound perception, Traffic noise, University campus},
	pages = {317--327}
}

@article{makarewicz_empirical_2011,
	series = {Noise {Mapping}},
	title = {Empirical revision of noise mapping},
	volume = {72},
	issn = {0003-682X},
	url = {http://www.sciencedirect.com/science/article/pii/S0003682X10002446},
	doi = {10.1016/j.apacoust.2010.10.012},
	abstract = {Following the Directive 2002/49/EC the European States shall apply the day–evening–night level, Lden, among others, for revision of the strategic noise mapping. Definition of Lden is based on A-weighted long term average sound levels, Ld, Le, and Ln, which represent 365 days, evenings, and nights of a typical year. Lden approximation can be found from a few measurements of the A-weighted short term average sound levels, during the day-, evening-, and nights, Ldi, Lei, and Lni, where i = 1, 2, … , m ≪ 365. The uncertainty of Lden approximation is calculated.

Calcul de l'approximation du niveau estimé Lden à partir de mesures faites en villes.},
	number = {8},
	urldate = {2015-10-26TZ},
	journal = {Applied Acoustics},
	author = {Makarewicz, R. and Galuszka, M.},
	month = jul,
	year = {2011},
	keywords = {Day–evening–night level, Revision of noise mapping, Uncertainty},
	pages = {578--581}
}

@inproceedings{wilson_regularized_2008,
	title = {Regularized non-negative matrix factorization with temporal dependencies for speech denoising},
	abstract = {Présentation et utilisation de la NMF afin de débruité un signal non-stationnaire. Cette méthode offre de meilleurs résultats qu'un filtre de Wiener.},
	booktitle = {in {In} {Proc}. {Interspeech} 2008},
	author = {Wilson, K. and Raj, B. and Smaragdis, P.},
	year = {2008}
}

@article{kompass_generalized_2007,
	title = {A {Generalized} {Divergence} {Measure} for {Nonnegative} {Matrix} {Factorization}},
	volume = {19},
	issn = {0899-7667},
	doi = {10.1162/neco.2007.19.3.780},
	abstract = {Article traitant de la formulation générale pour l'expression de mise à jour des matrices X et H. Il permet d'éatblir une seule expression dépendant de alpha qui permet de retrouver la différence euclidienne et la div de Kullback Leibler. La preuve de sa convergence est démontrée. Il montre également à l'aide d résultat numénrique que pour alpha = 0.5, les résultats sont meilleures. Cette technique n'est valable que pour alpha compris entre 0 et 1},
	number = {3},
	journal = {Neural Computation},
	author = {Kompass, R},
	month = mar,
	year = {2007},
	keywords = {Algorithms, Euclidean distance, Nonnegative matrix factorization},
	pages = {780--791}
}

@article{lee_learning_1999,
	title = {Learning the parts of objects by non-negative matrix factorization},
	volume = {401},
	copyright = {© 1999 Nature Publishing Group},
	issn = {0028-0836},
	url = {http://www.nature.com/nature/journal/v401/n6755/abs/401788a0.html},
	doi = {10.1038/44565},
	abstract = {Article de base et de référence posant la méthode NMF comme méthode permettant la reconstruction d'une image, d'un son ou même d'un discours. L'expression mathématique, le principe et les calculs de mises à jours sont exposé notamment pour la différence euclidienne},
	language = {en},
	number = {6755},
	urldate = {2015-10-21TZ},
	journal = {Nature},
	author = {Lee, D. and Seung, H. },
	month = oct,
	year = {1999},
	keywords = {Algorithms, Euclidean distance, Nonnegative matrix factorization},
	pages = {788--791}
}

@article{cowling_comparison_2003,
	title = {Comparison of techniques for environmental sound recognition},
	volume = {24},
	issn = {0167-8655},
	url = {http://www.sciencedirect.com/science/article/pii/S0167865503001478},
	doi = {10.1016/S0167-8655(03)00147-8},
	abstract = {L'article résume différentes méthodes utilisés pour la classification des sons dans l'environnement. Il résume les paramètre d'extraction stationnaire (ex : MFCC), in-stationnaire (STFT) ainsi que les outils de classifications (HMM). Après les avoir résumé, chaque classifieur est testé avec les paramètre d'extraction pour des échantillons de musique et de parole. La méthode ANN est la meilleure pour la parole là où LVQ est préférable pour un signale audio. DTW est le système de classification le plus intéressant pour les sons environnementaux. La STFT ne donne pas de résultats convainquant.},
	number = {15},
	urldate = {2015-10-15TZ},
	journal = {Pattern Recognition Letters},
	author = {Cowling, M. and Sitte, R.},
	month = nov,
	year = {2003},
	keywords = {Acoustic feature extraction, Environmental sound recognition, Feature Extraction, audio signal processing},
	pages = {2895--2907}
}

@article{murphy_strategic_2010,
	title = {Strategic environmental noise mapping: methodological issues concerning the implementation of the {EU} {Environmental} {Noise} {Directive} and their policy implications},
	volume = {36},
	issn = {1873-6750},
	shorttitle = {Strategic environmental noise mapping},
	doi = {10.1016/j.envint.2009.11.006},
	abstract = {Exploration méthodologique des questions, problèmes soulevés par la directive européenne. 4 points soulevés : les méthodes de calculs, les méthodes de cartographie, l'estimation de l'exposition au bruit des populations, la diffusion des résultats pour le grand publique.},
	language = {eng},
	number = {3},
	journal = {Environment International},
	author = {Murphy, E. and King, E.},
	month = apr,
	year = {2010},
	pmid = {20045195},
	keywords = {Environmental noise directive, Health Policy, Noise mapping, Uncertainty analysis, Urban Noise},
	pages = {290--298}
}


@inproceedings{lee_algorithms_2000,
	title = {Algorithms for {Non}-negative {Matrix} {Factorization}},
	abstract = {Article traitant du calcul de convergence  notamment de la distance euclidienne et de la divergence de KL. Il présente l'expression de mise à jour de W et de H suivant la méthode employé ainsi que la démonstration de la convergence des algorithmes.},
	booktitle = {In {NIPS}},
	publisher = {MIT Press},
	author = {Lee, D. and Seung, H.},
	year = {2000},
	pages = {556--562}
}

@article{delgado-contreras_feature_2014,
	series = {The 5th {International} {Conference} on {Emerging} {Ubiquitous} {Systems} and {Pervasive} {Networks} ({EUSPN}-2014)/ {The} 4th {International} {Conference} on {Current} and {Future} {Trends} of {Information} and {Communication} {Technologies} in {Healthcare} ({ICTH} 2014)/ {Affiliated} {Workshops}},
	title = {Feature {Selection} for {Place} {Classification} through {Environmental} {Sounds}},
	volume = {37},
	issn = {1877-0509},
	url = {http://www.sciencedirect.com/science/article/pii/S1877050914009752},
	doi = {10.1016/j.procs.2014.08.010},
	abstract = {Dans un article un système classique de détection est mis en oeuvre (paramètre d'extraction et paramètre de classification). Sauf qu'entre les deux on ajoute une sélection de paramètre qui permet de diminuer le nombre de paramètre à classifier. On passe ainsi de 62 à quelques paramètres. Le classificateur utilisé est SVM. Cette sélection de paramètre n'entrave pas le pourcentage de détection.},
	urldate = {2015-10-20TZ},
	journal = {Procedia Computer Science},
	author = {Delgado-Contreras, J. and Garćıa-Vázquez, J. and Brena, R. and Galván-Tejada, C. and Galván-Tejada, J.},
	year = {2014},
	keywords = {Chi-Square Filter., Environmental Sound, Feature Extraction, Feature Selection, Support Vector Machine},
	pages = {40--47}
}

@incollection{lu_selecting_2012,
	series = {Lecture {Notes} in {Computer} {Science}},
	title = {Selecting β-{Divergence} for {Nonnegative} {Matrix} {Factorization} by {Score} {Matching}},
	copyright = {©2012 Springer-Verlag Berlin Heidelberg},
	isbn = {978-3-642-33265-4, 978-3-642-33266-1},
	url = {http://link.springer.com/chapter/10.1007/978-3-642-33266-1_52},
	abstract = {Comment bien choisir sa beta-div lors de la NMF ? L'article propose une méthode pour cela visant à minimiser un paramètre L(beta) provenant de la distribution de Tweedie. Il confirme alors que pour des signaux musicaux c'est bien la divergence  IS qui est la plus adaptée.},
	language = {en},
	number = {7553},
	urldate = {2015-10-20TZ},
	booktitle = {Artificial {Neural} {Networks} and {Machine} {Learning} – {ICANN} 2012},
	publisher = {Springer Berlin Heidelberg},
	author = {Lu, Z. and Yang, Z. and Oja, E.},
	editor = {Villa, Alessandro E. P. and Duch, Włodzisław and Érdi, Péter and Masulli, Francesco and Palm, Günther},
	month = sep,
	year = {2012},
	note = {DOI: 10.1007/978-3-642-33266-1\_52},
	keywords = {Algorithm Analysis and Problem Complexity, Artificial Intelligence (incl. Robotics), Computation by Abstract Devices, Image Processing and Computer Vision, Information Systems Applications (incl. Internet), Nonnegative matrix factorization, Pattern Recognition, divergence, estimation, score matching},
	pages = {419--426}
}

@article{montes_gonzalez_influence_2015,
	title = {The influence of microphone location on the results of urban noise measurements},
	volume = {90},
	issn = {0003-682X},
	url = {http://www.sciencedirect.com/science/article/pii/S0003682X14002795},
	doi = {10.1016/j.apacoust.2014.11.001},
	abstract = {Article portant sur l'influence de la position du microphone dans la mesure de bruit en milieu urbain. Le but est de savoir si les normes de mesures sont bien établit et l'intérêt d'apporter une correction de 3 dB dans certain cas. L'influence de la hauteur est démontrée :  au delà de 4 m des corrections tout comme à 1.5 m les mesures ne sont pas identiques à la norme ISO mais pas à 2 m par exemple c'est correcte.},
	urldate = {2015-10-16TZ},
	journal = {Applied Acoustics},
	author = {Montes González, D. and Barrigón Morillas, J. and Rey Gozalo, G.},
	month = apr,
	year = {2015},
	keywords = {Environmental noise standards, Microphone location, Urban noise measurements},
	pages = {64--73}
}

@article{mioduszewski_noise_2011,
	series = {Noise {Mapping}},
	title = {Noise map validation by continuous noise monitoring},
	volume = {72},
	issn = {0003-682X},
	url = {http://www.sciencedirect.com/science/article/pii/S0003682X11000259},
	doi = {10.1016/j.apacoust.2011.01.012},
	abstract = {Article traitant de la réalisation de carte. Cela nécessite de connaitre la topographie des terrains, le flux d e véhicule ainsi que le type présent ainsi que les conditions météorologique. Cette étude compare les niveaux sonores mesurées et calculées par des logiciels : les mesures ont globalement tendance à être supérieures aux niveaux sonores calculés. L'hypothèse faite est que les cartes simulé ne prennent pas en compte les bruits locaux là où les mesures oui (ce qu'il faut donc supprimer !) L'influence de la météo est également montré : en hiver la présence de neige diminue les niveau globaux, alors qu'en automne et en printemps les niveaux sonores sont les plus élevées.},
	number = {8},
	urldate = {2015-10-16TZ},
	journal = {Applied Acoustics},
	author = {Mioduszewski, P. and Ejsmont, J. and Grabowski, J. and Karpiński, D.},
	month = jul,
	year = {2011},
	keywords = {Environmental noise, Noise mapping, Noise monitoring},
	pages = {582--589}
}

@article{cho_noise_2007,
	title = {Noise mapping using measured noise and {GPS} data},
	volume = {68},
	issn = {0003-682X},
	url = {http://www.sciencedirect.com/science/article/pii/S0003682X06000879},
	doi = {10.1016/j.apacoust.2006.04.015},
	abstract = {Réalisation de carte de bruit en temps réel dans une université (probablement) coréenne à l'aide d'un réseau de microphones fixe dont la position est localisé par un GPS.},
	number = {9},
	urldate = {2015-10-16TZ},
	journal = {Applied Acoustics},
	author = {Cho, D. and Kim, J. and Manvell, D.},
	month = sep,
	year = {2007},
	keywords = {ENPro, GPS, Measurement, Noise mapping, Sound level meter},
	pages = {1054--1061}
}

@article{cho_nonnegative_2005,
	title = {Nonnegative features of spectro-temporal sounds for classification},
	volume = {26},
	issn = {0167-8655},
	url = {http://www.sciencedirect.com/science/article/pii/S016786550400368X},
	doi = {10.1016/j.patrec.2004.11.026},
	abstract = {Une méthode NMF améliorée est proposée et comparée à l'ACI.  Cette méthode décompose le spectrogramme en plusieurs échantillons qui forme les matrices X à obtenir. La taille des bases A passe alors n à kappa puisqu'il faut un nombre de variable inférieur à la dimensiosn des données. Deux méthodes sont alors testé sur la NMF soit celle classique : on redétermine X' à l'aide de A' fixé et S' implémenté, soit on génère une matrice factice A" qu'on ajoute à A'. A" est mis à jour S = [S' S"] l'est également. Dans A" on met les éléments parasites qui dispartaissent ensuite puisqu'on ne garde que A' au final. On classifie alors les résultats avec HMM.},
	number = {9},
	urldate = {2015-10-15TZ},
	journal = {Pattern Recognition Letters},
	author = {Cho, Y. and Choi, S.},
	month = jul,
	year = {2005},
	keywords = {Acoustic feature extraction, General sound recognition, Nonnegative matrix factorization},
	pages = {1327--1336}
}

@article{satoshi_innami_nmf-based_2012,
	title = {{NMF}-based environmental sound source separation using time-variant gain features},
	volume = {64},
	doi = {10.1016/j.camwa.2012.03.077},
	abstract = {Séparation de source monophonique à l'aide de la méthode NMF en séparant le son en deux parties : le bruit de fond (BES)(considéré stationnaire) et le reste (MES)(considéré in-stationnaire). Le BES est séparé par MFCC+Transfomée Discrête de Fourier+filtre logarithmique+variance et rapport des valeurs proches de 0. Le MES utilise la MFCC + gain features. Cette technique fonctionne si il n'y a pas de recouvrement ou si il y a du recouvrement il faut que les amplitudes soient très différentes et, enfin, celle-ci peut rater les sons périodiques. Pour améliorer cela, l'utilisation de waveforms (forme d'ondes) mais a ses limites s'il y a recouvrement et une amplitude similaire. Egalement, cette technique nécessite de connaitre le nombre de sources présente},
	number = {5},
	journal = {Computers \& Mathematics with Applications},
	author = {Satoshi Innami, H.},
	year = {2012},
	pages = {1333--1342}
}